@misc{LeroyMPRI,
  author       = {Xavier Leroy},
  title        = {Abstract Machines and Compilation},
  year         = {2024},
  url          = {https://xavierleroy.org/mpri/2-4/machines.pdf},
  note         = {MPRI Lecture Notes, Course 2-4}
}

@book{HarperPL,
  author       = {Robert Harper},
  title        = {Practical Foundations for Programming Languages},
  year         = {2023},
  url          = {https://pl.cs.jhu.edu/pl/book/book.pdf},
  edition      = {Third Edition},
  publisher    = {Cambridge University Press}
}

@book{KoggeASC,
  author       = {Peter M. Kogge},
  title        = {The Architecture of Symbolic Computers},
  year         = {1991},
  publisher    = {McGraw-Hill},
  isbn         = {978-0070355967}
}

@misc{CockettAM,
  author       = {J. R. B. Cockett},
  title        = {Abstract Machines},
  year         = {2004},
  url          = {https://cspages.ucalgary.ca/~robin/class/521/lectures_lambda/abstract-machines.pdf},
  note         = {Lecture Notes, University of Calgary}
}
